<?xml version="1.0" encoding="UTF-8"?><collection xmlns="http://www.loc.gov/MARC21/slim"><record><leader>00485nam--2200145-i-4500</leader><controlfield tag="001">000023938</controlfield><controlfield tag="002">20161230</controlfield><controlfield tag="005">20161230201035</controlfield><controlfield tag="008">060222s1000------------r-----000-0-eng-d</controlfield><datafield ind1=" " ind2=" " tag="080"><subfield code="a">002:681.3</subfield></datafield><datafield ind1=" " ind2=" " tag="245"><subfield code="a">Interfacing and scientific data communications experiments</subfield></datafield><datafield ind1=" " ind2=" " tag="260"><subfield code="a">Stindianapolis, Howard W.Sams &amp; Co., Inc., F.An, 157p</subfield></datafield><datafield ind1=" " ind2=" " tag="490"><subfield code="a">Blacksburg Continuing Education Series</subfield></datafield><datafield ind1=" " ind2=" " tag="700"><subfield code="a">Peter R.Rony, Jonathan A.Titus, David G.Larsen And Christopher A. Titus</subfield></datafield><datafield ind1=" " ind2=" " tag="852"><subfield code="a">48687</subfield></datafield></record></collection>